@inproceedings{wei2014amandroid,
  title={Amandroid: A precise and general inter-component data flow analysis framework for security vetting of android apps},
  author={Wei, Fengguo and Roy, Sankardas and Ou, Xinming and others},
  booktitle={Proceedings of the 2014 ACM SIGSAC Conference on Computer and Communications Security},
  pages={1329--1341},
  year={2014},
  organization={ACM}
}